
@article{hopfield_neural_1982,
	title = {Neural {Networks} and {Physical} {System} with {Emergent} {Collective} {Computational} {Abilities}},
	author = {Hopfield, Hopfield},
	year = {1982},
	file = {hopfield82.pdf:C\:\\Users\\Py\\AppData\\Roaming\\Zotero\\Zotero\\Profiles\\5v5zaoen.default\\zotero\\storage\\995ZGKNQ\\hopfield82.pdf:application/pdf}
}

@article{smolensky_information_1986,
	title = {Information {Processing} in {Dynamical} {Systems}: {Foundations} of {Harmony} {Theory}},
	author = {Smolensky, Paul},
	year = {1986},
	file = {ADA620727.pdf:C\:\\Users\\Py\\AppData\\Roaming\\Zotero\\Zotero\\Profiles\\5v5zaoen.default\\zotero\\storage\\UCDWCZ8C\\ADA620727.pdf:application/pdf}
}

@article{rumelhart_learning_1986,
	title = {Learning {Internal} {Representations} by {Error} {Propoagation}},
	author = {{Rumelhart} and Hinton and {Williams}},
	year = {1986},
	file = {Chap8_PDP86[1].pdf:C\:\\Users\\Py\\AppData\\Roaming\\Zotero\\Zotero\\Profiles\\5v5zaoen.default\\zotero\\storage\\GUEF69T6\\Chap8_PDP86[1].pdf:application/pdf}
}

@article{neal_probalistic_1992,
	title = {Probalistic {Inference} {Using} {Markov} {Chain} {Monte} {Carlo} {Methods}},
	author = {Neal, Radford},
	year = {1992},
	file = {Neal 1992.pdf:C\:\\Users\\Py\\AppData\\Roaming\\Zotero\\Zotero\\Profiles\\5v5zaoen.default\\zotero\\storage\\WWV7W5HG\\Neal 1992.pdf:application/pdf}
}

@article{lecun_efficient_1998,
	title = {Efficient {BackProp}},
	author = {LeCun, Yann and Bottou, Leon and Orr, Genevieve and Müller, Klaus-Robert},
	year = {1998},
	file = {lecun-98b[1].pdf:C\:\\Users\\Py\\AppData\\Roaming\\Zotero\\Zotero\\Profiles\\5v5zaoen.default\\zotero\\storage\\NQANV6KP\\lecun-98b[1].pdf:application/pdf}
}

@article{gardner_artificial_1998,
	title = {Artificial {Neural} {Network} ({The} {Multilayer} {Perceptron}) - {A} {Review} {Of} {Applications} {In} {The} {Atmospheric} {Sciences}},
	author = {Gardner and Dorling},
	year = {1998},
	file = {00b495364b91edd43a000000[1].pdf:C\:\\Users\\Py\\AppData\\Roaming\\Zotero\\Zotero\\Profiles\\5v5zaoen.default\\zotero\\storage\\CRBD9KS6\\00b495364b91edd43a000000[1].pdf:application/pdf}
}

@article{hinton_fast_2005,
	title = {A fast learning algorithm for deep belief nets},
	author = {Hinton, Geoffrey and Osindero, Simon and Teh, Yee-Whye},
	year = {2005},
	file = {fastnc[1].pdf:C\:\\Users\\Py\\AppData\\Roaming\\Zotero\\Zotero\\Profiles\\5v5zaoen.default\\zotero\\storage\\UT5KNTHF\\fastnc[1].pdf:application/pdf}
}

@article{hinton_reducing_2006,
	title = {Reducing the dimmensionality of data with {Neural} {Networks}},
	author = {Hinton, Geoffrey and Salakhutdinov, Ruslan},
	year = {2006},
	file = {science.pdf:C\:\\Users\\Py\\AppData\\Roaming\\Zotero\\Zotero\\Profiles\\5v5zaoen.default\\zotero\\storage\\3F7DFRIN\\science.pdf:application/pdf}
}

@misc{hinton_nips_2007,
	title = {{NIPS} {Tutorial} on : {DBN}},
	author = {Hinton, Geoffrey},
	year = {2007},
	file = {nipstut3.pdf:C\:\\Users\\Py\\AppData\\Roaming\\Zotero\\Zotero\\Profiles\\5v5zaoen.default\\zotero\\storage\\ECKN5FWN\\nipstut3.pdf:application/pdf}
}

@article{bengio_representational_2007,
	title = {Representational {Power} of {Restricted} {Boltzmann} {Machines} and {Deep} {Belief} {Networks}},
	author = {Bengio, Yoshua and Le Roux, Le Roux},
	year = {2007},
	file = {rbm_universality_techreport.pdf:C\:\\Users\\Py\\AppData\\Roaming\\Zotero\\Zotero\\Profiles\\5v5zaoen.default\\zotero\\storage\\G4PVJP49\\rbm_universality_techreport.pdf:application/pdf}
}

@article{leon_recognition_2009,
	title = {Recognition of {Handwritten} {Digits} {Using} {Multilayer} {Perceptrons}},
	volume = {55},
	url = {http://www.ace.tuiasi.ro/users/103/7_F4_09_Sandu.pdf},
	number = {59},
	journal = {Universitatea Tehnică „Gheorghe Asachi” din Iaşi},
	author = {Leon, Florin and Sandu, Violeta},
	year = {2009}
}

@article{popescu_multilayer_2009,
	title = {Multilayer perceptron and neural networks},
	volume = {8},
	url = {http://www.wseas.us/e-library/transactions/circuits/2009/29-485.pdf},
	number = {7},
	urldate = {2015-09-28},
	journal = {WSEAS Transactions on Circuits and Systems},
	author = {Popescu, Marius-Constantin and Balas, Valentina E. and Perescu-Popescu, Liliana and Mastorakis, Nikos},
	year = {2009},
	pages = {579--588},
	file = {Popescu.pdf:C\:\\Users\\Py\\AppData\\Roaming\\Zotero\\Zotero\\Profiles\\5v5zaoen.default\\zotero\\storage\\U4SXXN8Z\\lecun-01a[1].pdf:application/pdf}
}

@article{bengio_learning_2009,
	title = {Learning {Deep} {Architectures} for {AI}},
	author = {Bengio, Yoshua},
	year = {2009},
	file = {ftml[1].pdf:C\:\\Users\\Py\\AppData\\Roaming\\Zotero\\Zotero\\Profiles\\5v5zaoen.default\\zotero\\storage\\RIQ895J5\\ftml[1].pdf:application/pdf}
}

@article{mohamed_deep_2009,
	title = {Deep {Belief} {Network} for phone recognition},
	author = {Mohamed, Abdel-Rahman and Hinton, Geoffrey and Dahl, George},
	year = {2009},
	file = {dbnPhoneRec.pdf:C\:\\Users\\Py\\AppData\\Roaming\\Zotero\\Zotero\\Profiles\\5v5zaoen.default\\zotero\\storage\\RJ2TBKV2\\dbnPhoneRec.pdf:application/pdf}
}

@article{salakhutdinov_deep_2009,
	title = {Deep {Boltzmann} {Machine}},
	author = {Salakhutdinov, Ruslan and Hinton, Geoffrey},
	year = {2009},
	file = {AISTATS09_SalakhutdinovH.pdf:C\:\\Users\\Py\\AppData\\Roaming\\Zotero\\Zotero\\Profiles\\5v5zaoen.default\\zotero\\storage\\F37VRRDM\\AISTATS09_SalakhutdinovH.pdf:application/pdf}
}

@article{erhan_vidualizing_2009,
	title = {Vidualizing {Higher}-{Layer} {Feature} of a {Deep} {Network}},
	author = {Erhan, Dumitru and Bengio, Yoshua and Courville, Aaron and Vincent, Pascal},
	year = {2009},
	file = {visualization_techreport.pdf:C\:\\Users\\Py\\AppData\\Roaming\\Zotero\\Zotero\\Profiles\\5v5zaoen.default\\zotero\\storage\\DHDS92HQ\\visualization_techreport.pdf:application/pdf}
}

@article{hinton_practical_2010,
	title = {A practical guide to training restricted {Boltzmann} machines},
	volume = {9},
	url = {http://www.csri.utoronto.ca/~hinton/absps/guideTR.pdf},
	number = {1},
	urldate = {2015-12-13},
	journal = {Momentum},
	author = {Hinton, Geoffrey},
	year = {2010},
	pages = {926},
	file = {guideTR.pdf:C\:\\Users\\Py\\AppData\\Roaming\\Zotero\\Zotero\\Profiles\\5v5zaoen.default\\zotero\\storage\\D3BQIBJD\\guideTR.pdf:application/pdf}
}

@misc{salakhutdinov_learning_2010,
	title = {Learning {Deep} {Generative} {Models}},
	url = {http://www.mit.edu/~9.520/spring10/Classes/class19_DBN_2010.pdf},
	urldate = {2016-03-09},
	author = {Salakhutdinov, Ruslan},
	year = {2010},
	file = {:C\:\\Users\\Py\\AppData\\Roaming\\Zotero\\Zotero\\Profiles\\5v5zaoen.default\\zotero\\storage\\H83ZACPJ\\class19_DBN_2010.html:text/html}
}

@article{dahl_learning_2010,
	title = {Learning words with {Deep} {Belief} {Networks}},
	author = {Dahl, George and La Touche, Kit},
	year = {2010},
	file = {DahlLaTouche.pdf:C\:\\Users\\Py\\AppData\\Roaming\\Zotero\\Zotero\\Profiles\\5v5zaoen.default\\zotero\\storage\\N98VPABF\\DahlLaTouche.pdf:application/pdf}
}
@article{courville_spike_2011,
	title = {A {Spike} and {Slab} {Restricted} {Boltzmann} {Machine}},
	author = {Courville, Aaron and Bergstra, James and Bengio, Yoshua},
	year = {2011},
	file = {AISTATS2011_CourvilleBB11[1].pdf:C\:\\Users\\Py\\AppData\\Roaming\\Zotero\\Zotero\\Profiles\\5v5zaoen.default\\zotero\\storage\\FSMCS8K7\\AISTATS2011_CourvilleBB11[1].pdf:application/pdf}
}

@article{fischer_introduction_2012,
	title = {An {Introduction} to {Restricted} {Boltzmann} {Machines}},
	author = {Fischer, Asja and Igel, Christian},
	year = {2012},
	file = {AItRBM-proof.pdf:C\:\\Users\\Py\\AppData\\Roaming\\Zotero\\Zotero\\Profiles\\5v5zaoen.default\\zotero\\storage\\5Q6W4PSA\\AItRBM-proof.pdf:application/pdf}
}

@article{fischer_training_2014,
	title = {Training {Restricted} {Boltzmann} {Machines} : {An} {Introduction}},
	author = {Fischer, Asja and Igel, Christian},
	year = {2014},
	file = {TRBMAI.pdf:C\:\\Users\\Py\\AppData\\Roaming\\Zotero\\Zotero\\Profiles\\5v5zaoen.default\\zotero\\storage\\FNW25II7\\TRBMAI.pdf:application/pdf}
}

@article{gatys_neural_2015,
	title = {A {Neural} {Algorithm} of {Artistic} {Style}},
	author = {Gatys, Leon and Ecker, Alexander and Bethge, Mathias},
	year = {2015},
	file = {1508.06576v1.pdf:C\:\\Users\\Py\\AppData\\Roaming\\Zotero\\Zotero\\Profiles\\5v5zaoen.default\\zotero\\storage\\ZZRKX8GV\\1508.06576v1.pdf:application/pdf}
}

